<?xml version="1.0" encoding="UTF-8"?><collection xmlns="http://www.loc.gov/MARC21/slim"><record><leader>00455nam--2200157-i-4500</leader><controlfield tag="001">000042028</controlfield><controlfield tag="002">20161230</controlfield><controlfield tag="005">20161230201043</controlfield><controlfield tag="008">060222s1000------------r-----000-0-eng-d</controlfield><datafield ind1=" " ind2=" " tag="080"><subfield code="a">517.563.3:530.1:54</subfield></datafield><datafield ind1=" " ind2=" " tag="100"><subfield code="a">Sneddon,Ian N</subfield></datafield><datafield ind1=" " ind2=" " tag="245"><subfield code="a">Special functions of mathematical physics and chemistry</subfield></datafield><datafield ind1=" " ind2=" " tag="260"><subfield code="a">Edinburgh, Oliver And Boyd, 1956. Viii + 164 P. + Fig</subfield></datafield><datafield ind1=" " ind2=" " tag="490"><subfield code="a">Univ.Math.Texts</subfield></datafield><datafield ind1=" " ind2=" " tag="852"><subfield code="a">11989</subfield><subfield code="c">517.7</subfield></datafield><datafield ind1=" " ind2=" " tag="CAT"><subfield code="a">Sys</subfield><subfield code="c">20080918</subfield><subfield code="h">104036</subfield></datafield></record></collection>